<record><leader>00000cas a22000007a 4500</leader><controlfield tag="001">19099816</controlfield><controlfield tag="008">890203d187u1912pauwr ne      0    0eng d</controlfield><datafield ind1=" " ind2=" " tag="010"><subfield code="a">sn 89077043 </subfield></datafield><datafield ind1=" " ind2=" " tag="040"><subfield code="a">NPH</subfield><subfield code="b">eng</subfield><subfield code="c">NPH</subfield><subfield code="d">OCLCQ</subfield></datafield><datafield ind1=" " ind2=" " tag="042"><subfield code="a">msc</subfield></datafield><datafield ind1="0" ind2=" " tag="130"><subfield code="a">Union City times (Union City, Pa. : 1878)</subfield></datafield><datafield ind1="1" ind2="0" tag="245"><subfield code="a">Union City times.</subfield></datafield><datafield ind1=" " ind2=" " tag="260"><subfield code="a">Union City, Pa. :</subfield><subfield code="b">D.P. Robbins</subfield></datafield><datafield ind1=" " ind2=" " tag="300"><subfield code="a">v.</subfield></datafield><datafield ind1=" " ind2=" " tag="310"><subfield code="a">Weekly</subfield></datafield><datafield ind1="1" ind2=" " tag="362"><subfield code="a">Ceased in Apr. 1912.</subfield></datafield><datafield ind1=" " ind2=" " tag="588"><subfield code="a">Description based on: Vol. 8, no. 13 (Mar. 27, 1878).</subfield></datafield><datafield ind1=" " ind2=" " tag="752"><subfield code="a">United States</subfield><subfield code="b">Pennsylvania</subfield><subfield code="c">Erie</subfield><subfield code="d">Union City.</subfield></datafield><datafield ind1="0" ind2="5" tag="780"><subfield code="t">Union City record</subfield><subfield code="w">(DLC)sn 89077042</subfield></datafield><datafield ind1="0" ind2="0" tag="780"><subfield code="t">Union City weekly times (Union City, Pa. : 1875)</subfield><subfield code="w">(DLC)sn 86054000</subfield></datafield><datafield ind1="0" ind2="7" tag="785"><subfield code="t">Evening enterprise (Union City, Pa.)</subfield><subfield code="w">(DLC)sn 89077041</subfield></datafield><datafield ind1="0" ind2="7" tag="785"><subfield code="t">Union City times-enterprise</subfield><subfield code="w">(DLC)sn 89077048</subfield></datafield></record>